@article {Dovgal,
	author   = {Довгаль В.~А., Довгаль Д.~В.}, 
	title    = {Интернет Вещей: концепция, приложения и задачи},
	journal  = {Вестник Адыгейского государственного университета. Серия 4: Естественно-математические и технические науки},
	year     = {2018},
	pages    = {129-135},
	language = "russian"
}

@article {Markeeva,
	author   = {Маркеева А.~В.}, 
	title    = {Интернет вещей (IoT): возможности и угрозы для современных организаций},
	journal  = {Общество: социология, психология, педагогика},
	ISSN 	 = {2223-6430},
	year     = {2016},
	language = "russian"
}

@Book{Kaspersky, 
	title 	 = {Что такое интернет вещей? Определение и описание},
	url		 = {https://www.kaspersky.ru/resource-center/definitions/what-is-iot},
	urldate  = {09.11.2022},
	language = "russian",
	media 	 = {eresource}			
}

@Book{Oracle, 
	title 	 = {What is IoT?},
	url		 = {https://www.oracle.com/internet-of-things/what-is-iot/},
	urldate  = {09.11.2022},
	language = "russian",
	media 	 = {eresource}			
}

@Book{IoT_overview, 
	title 	 = {Рекомендация МСЭ-T Y.2060. Обзор интернета вещей.},
	url		 = {https://iotas.ru/files/documents/wg/T-REC-Y.2060-201206-I!!PDF-R.pdf},
	urldate  = {10.11.2022},
	language = "russian",
	media 	 = {eresource}			
}

@book{Olifer,
	title	  = {Сетевые операционные системы},
	author	  = {Олифер В.~Г., Олифер Н.~А.},
	isbn	  = {9785272001207},
	year	  = {2009},
	publisher = {Питер},
	language  = "russian"
}

@book{Tanenbaum,
	title	  = {Операционные системы: разработка и реализация},
	author	  = {Таненбаум Э.~С.},
	isbn	  = {5-469-00148-2},
	year	  = {2006},
	publisher = {Питер},
	language  = "russian"
}

@Book{Nanokernel, 
	title 	 = {Techopedia Explains Nano Kernel},
	url		 = {https://www.techopedia.com/definition/27005/nano-kernel},
	urldate  = {26.11.2022},
	language = "russian",
	media 	 = {eresource}			
}

@Book{Cisco, 
	title 	 = {Cisco - Networking, Cloud, and Cybersecurity Solutions},
	url		 = {https://www.cisco.com/},
	urldate  = {09.11.2022},
	language = "russian",
	media 	 = {eresource}			
}

@article{Cisco_architecture_big,
	author  = {Smith, Ryan and Palin, Daniel and Ioulianou, Philokypros and Vassilakis, Vassilios and Shahandashti, Siamak},
	year    = {2020},
	month   = {01},
	pages   = {1-21},
	title   = {Battery draining attacks against edge computing nodes in IoT networks},
	volume  = {6},
	journal = {Cyber-Physical Systems},
	doi     = {10.1080/23335777.2020.1716268}
}

@article{Cisco_architecture_small,
	author  = {Masoodhu Banu N.~M., Sujatha C.},
	year    = {2017},
	pages   = {45-49},
	title   = {IoT Architecture a Comparative Study},
	volume  = {117},
	journal = {International Journal of Pure and Applied Mathematics},
	ISSN 	= {1314-3395},
	doi     = {10.12732/ijpam.v117i8.10}
}

@Book{OS_questions, 
	title 	 = {Руководство по выбору операционной системы для пограничного устройства Интернета вещей},
	url		 = {https://www.quarta-embedded.ru/about/statiyi/rukovodstvo-po-vyboru-operacionnoj-sistemy-dlya-pogranichnogo-ustrojstva-interneta-veshchej/},
	urldate  = {10.11.2022},
	language = "russian",
	media 	 = {eresource}			
}

@Book{Azure_RTOS_overview, 
	title 	 = {What is Microsoft Azure RTOS?},
	url		 = {https://learn.microsoft.com/en-us/azure/rtos/overview-rtos},
	urldate  = {23.11.2022},
	language = "russian",
	media 	 = {eresource}			
}

@Book{Azure_RTOS_picokernel, 
	title 	 = {Обзор ОСРВ Azure ThreadX},
	url		 = {https://learn.microsoft.com/ru-ru/azure/rtos/threadx/overview-threadx},
	urldate  = {23.11.2022},
	language = "russian",
	media 	 = {eresource}			
}

@Book{Azure_Sphere_main, 
	title 	 = {Azure Sphere},
	url		 = {https://azure.microsoft.com/en-us/products/azure-sphere/},
	urldate  = {24.11.2022},
	language = "russian",
	media 	 = {eresource}			
}

@Book{Azure_Sphere_terminology, 
	title 	 = {Azure Sphere Terminology},
	url		 = {https://learn.microsoft.com/en-us/azure-sphere/product-overview/terminology},
	urldate  = {24.11.2022},
	language = "russian",
	media 	 = {eresource}			
}

@Book{Azure_Sphere_overview, 
	title 	 = {What is Azure Sphere?},
	url		 = {https://learn.microsoft.com/ru-ru/azure-sphere/product-overview/what-is-azure-sphere},
	urldate  = {24.11.2022},
	language = "russian",
	media 	 = {eresource}			
}

@Book{linux, 
	title    = {Linux},
	url 	 = {https://www.linux.org/},
	urldate  = {24.11.2022},
	language = "russian",
	media 	 = {eresource}	
}

@Book{Azure_Sphere_parts, 
	title 	 = {The three parts of Azure Sphere},
	url		 = {https://arstechnica.com/gadgets/2018/04/microsofts-bid-to-secure-the-internet-of-things-custom-linux-custom-chips-azure/},
	urldate  = {24.11.2022},
	language = "russian",
	media 	 = {eresource}			
}

@Book{Amazon_FreeRTOS_overview, 
	title 	 = {FreeRTOS},
	url		 = {https://aws.amazon.com/ru/freertos/},
	urldate  = {24.11.2022},
	language = "russian",
	media 	 = {eresource}			
}

@Book{Amazon_FreeRTOS_features, 
	title 	 = {FreeRTOS features},
	url		 = {https://aws.amazon.com/ru/freertos/features/},
	urldate  = {24.11.2022},
	language = "russian",
	media 	 = {eresource}			
}

@Book{Amazon_FreeRTOS_core, 
	title 	 = {AWS IoT Core},
	url		 = {https://aws.amazon.com/ru/iot-core/},
	urldate  = {24.11.2022},
	language = "russian",
	media 	 = {eresource}			
}

@Book{Amazon_FreeRTOS_defender, 
	title 	 = {AWS IoT Device Defender},
	url		 = {https://aws.amazon.com/ru/iot-device-defender/},
	urldate  = {24.11.2022},
	language = "russian",
	media 	 = {eresource}			
}

@Book{Amazon_FreeRTOS_management, 
	title 	 = {AWS IoT Device Management},
	url		 = {https://aws.amazon.com/ru/iot-device-management/},
	urldate  = {24.11.2022},
	language = "russian",
	media 	 = {eresource}			
}

@Book{Zephyr_overview, 
	title 	 = {Zephyr introduction},
	url		 = {https://docs.zephyrproject.org/latest/introduction/index.html},
	urldate  = {24.11.2022},
	language = "russian",
	media 	 = {eresource}			
}

@Book{Embedded_OS_lecture, 
	title 	 = {Internet of Things. Embedded Operating Systems},
	url		 = {http://ichatz.me/uniroma1/iot-2020/uniroma1-internet_of_things-2020-ichatz-talk3.pdf},
	urldate  = {24.11.2022},
	language = "russian",
	media 	 = {eresource}			
}

@Book{Zephyr_device_tree, 
	title 	 = {Zephyr devicetree},
	url		 = {https://docs.zephyrproject.org/latest/build/dts/index.html},
	urldate  = {24.11.2022},
	language = "russian",
	media 	 = {eresource}			
}

@Book{MACS_overview, 
	title 	 = {МАКС ОСРВ},
	url		 = {https://soware.ru/products/macs-rtos},
	urldate  = {24.11.2022},
	language = "russian",
	media 	 = {eresource}			
}

@Book{MACS_blog, 
	title 	 = {Что такое операционные системы реального времени на примере ОСРВ МАКС},
	url		 = {https://internetofthings.ru/78-blog/207-chto-takoe-operatsionnye-sistemy-realnogo-vremeni-na-primere-osrv-maks},
	urldate  = {24.11.2022},
	language = "russian",
	media 	 = {eresource}			
}

@Book{MACS_Astrosoft, 
	title 	 = {Российская операционная система реального времени для IT-оборудования и Интернета вещей},
	url		 = {https://www.astrosoft.ru/products/development/rtos-macs/},
	urldate  = {24.11.2022},
	language = "russian",
	media 	 = {eresource}			
}

@Book{MACS_registry, 
	title 	 = {Заявление о включении сведений о программном обеспечении в реестр российского программного обеспечения - «Операционная система реального времени для мультиагентных когерентных систем»},
	url		 = {https://reestr.digital.gov.ru/request/186244},
	urldate  = {24.11.2022},
	language = "russian",
	media 	 = {eresource}			
}

@Book{MACS_POSIX, 
	title 	 = {«АстроСофт» представил новую версию ОСРВ МАКС 1.5},
	url		 = {https://www.astrosoft.ru/about/press_room/news/36002/},
	urldate  = {24.11.2022},
	language = "russian",
	media 	 = {eresource}			
}

@Book{MACS_economy, 
	title 	 = {Совместимость с POSIX},
	url		 = {https://www.swd.ru/print.php3?pid=386},
	urldate  = {26.11.2022},
	language = "russian",
	media 	 = {eresource}			
}

@Book{Milandr, 
	title 	 = {Milandr},
	url		 = {https://www.milandr.com/},
	urldate  = {24.11.2022},
	language = "russian",
	media 	 = {eresource}			
}

@Book{STMicroelectronics, 
	title 	 = {STMicroelectronics: Home},
	url		 = {https://www.st.com/content/st_com/en.html},
	urldate  = {24.11.2022},
	language = "russian",
	media 	 = {eresource}			
}

@Book{Huawei_LightOS_main, 
	title 	 = {Huawei LiteOS},
	url		 = {https://www.huawei.com/minisite/liteos/en/index.html},
	urldate  = {24.11.2022},
	language = "russian",
	media 	 = {eresource}			
}

@Book{Huawei_LightOS_about, 
	title 	 = {Huawei LiteOS Overview},
	url		 = {https://www.huawei.com/minisite/liteos/en/about.html},
	urldate  = {24.11.2022},
	language = "russian",
	media 	 = {eresource}			
}

@Book{Huawei_LightOS_github, 
	title 	 = {Huawei LiteOS source code},
	url		 = {https://github.com/LiteOS/LiteOS},
	urldate  = {24.11.2022},
	language = "russian",
	media 	 = {eresource}			
}

@Book{Windows_IoT_overview, 
	title 	 = {An overview of Windows 10 IoT},
	url		 = {https://learn.microsoft.com/en-us/windows/iot-core/windows-iot},
	urldate  = {27.11.2022},
	language = "russian",
	media 	 = {eresource}			
}

@Book{Azure_sevices, 
	title 	 = {Продукты Azure},
	url		 = {https://azure.microsoft.com/ru-ru/products/},
	urldate  = {27.11.2022},
	language = "russian",
	media 	 = {eresource}			
}

@Book{Windows_IoT_Core, 
	title 	 = {An overview of Windows 10 IoT Core},
	url		 = {https://learn.microsoft.com/en-us/windows/iot-core/windows-iot-core},
	urldate  = {27.11.2022},
	language = "russian",
	media 	 = {eresource}			
}

@Book{Windows_IoT_Enterprice, 
	title 	 = {Getting Started with Windows IoT Enterprise},
	url		 = {https://learn.microsoft.com/en-us/windows/iot/iot-enterprise/getting_started},
	urldate  = {27.11.2022},
	language = "russian",
	media 	 = {eresource}			
}

@Book{Windows_Enterprice, 
	title 	 = {Windows 10 Enterprise},
	url		 = {https://www.microsoft.com/en-us/evalcenter/evaluate-windows-10-enterprise},
	urldate  = {27.11.2022},
	language = "russian",
	media 	 = {eresource}			
}

@Book{Windows_IoT_Server, 
	title 	 = {An overview of Windows Server IoT 2019},
	url		 = {https://learn.microsoft.com/en-us/windows/iot-core/windows-server},
	urldate  = {27.11.2022},
	language = "russian",
	media 	 = {eresource}			
}

@Book{Windows_Server, 
	title 	 = {Windows Server 2022 | Microsoft},
	url		 = {https://www.microsoft.com/en-us/windows-server},
	urldate  = {27.11.2022},
	language = "russian",
	media 	 = {eresource}			
}

@Book{Contiki_github, 
	title 	 = {Contiki-NG source code},
	url		 = {https://github.com/contiki-ng/contiki-ng},
	urldate  = {25.11.2022},
	language = "russian",
	media 	 = {eresource}			
}

@article {Contiki_overview,
	author   = {Payal Malik, Malvika Gupta}, 
	title    = {An Overview Of Iot Operating System: Contiki Os And Its Communication Models},
	journal  = {INTERNATIONAL JOURNAL OF SCIENTIFIC \& TECHNOLOGY RESEARCH},
	volume	 = 9,
	issue	 = 10,
	ISSN 	 = {2277-8616},
	year     = {2020},
	language = "russian"
}

@Book{Mbed_OS_ARM, 
	title 	 = {Mbed OS},
	url		 = {https://www.arm.com/products/development-tools/embedded-and-software/mbed-os},
	urldate  = {24.11.2022},
	language = "russian",
	media 	 = {eresource}			
}

@Book{Mbed_OS_handbook, 
	title 	 = {Homepage - Handbook | Mbed},
	url		 = {https://os.mbed.com/handbook/},
	urldate  = {24.11.2022},
	language = "russian",
	media 	 = {eresource}			
}

@Book{Google_Cloud, 
	title 	 = {Google Cloud: Cloud Computing Services},
	url		 = {https://cloud.google.com/},
	urldate  = {24.11.2022},
	language = "russian",
	media 	 = {eresource}			
}

@Book{AWS, 
	title 	 = {Cloud Computing Services - Amazon Web Services (AWS)},
	url		 = {https://aws.amazon.com/},
	urldate  = {24.11.2022},
	language = "russian",
	media 	 = {eresource}			
}

@Book{Azure_cloud, 
	title 	 = {Microsoft Azure: Службы облачных вычислений},
	url		 = {https://azure.microsoft.com/},
	urldate  = {24.11.2022},
	language = "russian",
	media 	 = {eresource}			
}

@Book{Mbed_OS_main, 
	title 	 = {Free open source IoT OS and development tools for Arm | Mbed},
	url		 = {https://os.mbed.com},
	urldate  = {25.11.2022},
	language = "russian",
	media 	 = {eresource}			
}

@Book{KasperskyOS_main, 
	title 	 = {KasperskyOS},
	url		 = {https://os.kaspersky.ru/},
	urldate  = {29.11.2022},
	language = "russian",
	media 	 = {eresource}			
}

@Book{KasperskyOS_techdata, 
	title 	 = {KasperskyOS. Техническая информация.},
	url		 = {https://os.kaspersky.ru/wp-content/uploads/sites/14/2018/03/KasperskyOS-TechData-ru.pdf},
	urldate  = {29.11.2022},
	language = "russian",
	media 	 = {eresource}			
}

@Book{KasperskyOS_1_1_overview, 
	title 	 = {Обзор KasperskyOS Community Edition 1.1. Общие сведения.},
	url		 = {https://support.kaspersky.com/help/KCE/1.1/ru-RU/overview_general_inf.htm},
	urldate  = {29.11.2022},
	language = "russian",
	media 	 = {eresource}			
}

@book{IPC_book,
	title	  = {Interprocess Communications in Linux: The Nooks \& Crannies},
	author	  = {John Shapley Gray},
	isbn	  = {0130460427},
	year	  = {2003},
	publisher = {Pearson},
	language  = "russian"
}

@Book{TinyOS_main, 
	title 	 = {TinyOS Home Page},
	url		 = {http://www.tinyos.net/},
	urldate  = {26.11.2022},
	language = "russian",
	media 	 = {eresource}			
}

@Book{TinyOS_BMSTU, 
	title 	 = {TinyOS - Национальная библиотека им. Н. Э. Баумана},
	url		 = {https://ru.bmstu.wiki/TinyOS},
	urldate  = {26.11.2022},
	language = "russian",
	media 	 = {eresource}			
}

@book{TinyOS_book,
	title	  = {Ambient Intelligence},
	author	  = {Werner Weber, Jan M. Rabaey, Emile Aarts},
	isbn	  = {978-3-540-27139-0},
	url		  = {https://link.springer.com/book/10.1007/b138670},
	year	  = {2005},
	publisher = {Springer Berlin, Heidelberg},
	language  = "russian"
}

@Book{Ubuntu_Core_doc, 
	title 	 = {Ubuntu Core documentation},
	url		 = {https://ubuntu.com/core/docs},
	urldate  = {24.11.2022},
	language = "russian",
	media 	 = {eresource}			
}

@Book{Ubuntu_Desktop, 
	title 	 = {Ubuntu: Enterprise Open Source and Linux},
	url		 = {https://ubuntu.com/},
	urldate  = {24.11.2022},
	language = "russian",
	media 	 = {eresource}			
}

@Book{Ubuntu_Core_def, 
	title 	 = {Ubuntu Core definition},
	url		 = {https://www.techtarget.com/searchitoperations/definition/Ubuntu-Core},
	urldate  = {24.11.2022},
	language = "russian",
	media 	 = {eresource}			
}

@Book{Raspbian_overview, 
	title 	 = {Welcome to Raspbian},
	url		 = {https://www.raspbian.org/},
	urldate  = {24.11.2022},
	language = "russian",
	media 	 = {eresource}			
}

@Book{Debian_Wheezy, 
	title 	 = {Ubuntu Core definition},
	url		 = {https://www.debian.org/releases/wheezy/armhf/release-notes.ru.pdf},
	urldate  = {24.11.2022},
	language = "russian",
	media 	 = {eresource}			
}

@Book{LXDE,
	title 	 = {LXDE},
	url		 = {http://www.lxde.org/},
	urldate  = {24.11.2022},
	language = "russian",
	media 	 = {eresource}			
}

@Book{Raspbian_customize,
	title 	 = {Customise your Raspberry Pi desktop},
	url		 = {https://projects.raspberrypi.org/en/projects/custom-pi-desktop/3},
	urldate  = {24.11.2022},
	language = "russian",
	media 	 = {eresource}			
}

@Book{APT,
	title 	 = {Пакетный менеджер APT},
	url		 = {https://help.ubuntu.ru/wiki/apt},
	urldate  = {24.11.2022},
	language = "russian",
	media 	 = {eresource}			
}

@Book{Microsoft_ban,
	title 	 = {Microsoft suspends new sales in Russia},
	url		 = {https://blogs.microsoft.com/on-the-issues/2022/03/04/microsoft-suspends-russia-sales-ukraine-conflict/?icid=mscom_marcom_TS1_Sales_update},
	urldate  = {27.11.2022},
	language = "russian",
	media 	 = {eresource}			
}

@Book{Amazon_ban,
	title 	 = {How Amazon is assisting in Ukraine},
	url		 = {https://www.aboutamazon.com/news/community/amazons-assistance-in-ukraine\#March4},
	urldate  = {27.11.2022},
	language = "russian",
	media 	 = {eresource}			
}
