@article {Dovgal,
	author   = {Довгаль В.~А., Довгаль Д.~В.}, 
	title    = {Интернет Вещей: концепция, приложения и задачи},
	journal  = {Вестник Адыгейского государственного университета. Серия 4: Естественно-математические и технические науки},
	ISSN 	 = {2410-3225},
	year     = {2018},
	pages    = {129-135},
	language = "russian"
}

@article {Markeeva,
	author   = {Маркеева А.~В.}, 
	title    = {Интернет вещей (IoT): возможности и угрозы для современных организаций},
	journal  = {Общество: социология, психология, педагогика},
	ISSN 	 = {2223-6430},
	year     = {2016},
	language = "russian"
}

@Book{Kaspersky, 
	title 	 = {Что такое интернет вещей? Определение и описание},
	url		 = {https://www.kaspersky.ru/resource-center/definitions/what-is-iot},
	urldate  = {09.11.2022},
	language = "russian",
	media 	 = {eresource}			
}

@Book{Oracle, 
	title 	 = {What is IoT?},
	url		 = {https://www.oracle.com/internet-of-things/what-is-iot/},
	urldate  = {09.11.2022},
	language = "russian",
	media 	 = {eresource}			
}

@Book{Oracle, 
title 	 = {What is IoT?},
url		 = {https://www.oracle.com/internet-of-things/what-is-iot/},
urldate  = {09.11.2022},
language = "russian",
media 	 = {eresource}			
}

@Book{IoT_overview, 
	title 	 = {Рекомендация МСЭ-T Y.2060. Обзор интернета вещей.},
	url		 = {https://iotas.ru/files/documents/wg/T-REC-Y.2060-201206-I!!PDF-R.pdf},
	urldate  = {10.11.2022},
	language = "russian",
	media 	 = {eresource}			
}

@book{Olifer,
	title	  = {Сетевые операционные системы},
	author	  = {Олифер В.~Г., Олифер Н.~А.},
	isbn	  = {9785272001207},
	year	  = {2009},
	publisher = {Питер},
	language  = "russian"
}

@book{Tanenbaum,
	title	  = {Операционные системы: разработка и реализация},
	author	  = {Таненбаум Э.~С.},
	isbn	  = {5-469-00148-2},
	year	  = {2006},
	publisher = {Питер},
	language  = "russian"
}

@Book{Cisco, 
	title 	 = {Cisco - Networking, Cloud, and Cybersecurity Solutions},
	url		 = {https://www.cisco.com/},
	urldate  = {09.11.2022},
	language = "russian",
	media 	 = {eresource}			
}

@article{Cisco_architecture_big,
	author  = {Smith, Ryan and Palin, Daniel and Ioulianou, Philokypros and Vassilakis, Vassilios and Shahandashti, Siamak},
	year    = {2020},
	month   = {01},
	pages   = {1-21},
	title   = {Battery draining attacks against edge computing nodes in IoT networks},
	volume  = {6},
	journal = {Cyber-Physical Systems},
	doi     = {10.1080/23335777.2020.1716268}
}

@article{Cisco_architecture_small,
	author  = {Masoodhu Banu N.~M., Sujatha C.},
	year    = {2017},
	pages   = {45-49},
	title   = {IoT Architecture a Comparative Study},
	volume  = {117},
	journal = {International Journal of Pure and Applied Mathematics},
	ISSN 	= {1314-3395},
	doi     = {10.12732/ijpam.v117i8.10}
}

@Book{OS_questions, 
	title 	 = {Руководство по выбору операционной системы для пограничного устройства Интернета вещей},
	url		 = {https://www.quarta-embedded.ru/about/statiyi/rukovodstvo-po-vyboru-operacionnoj-sistemy-dlya-pogranichnogo-ustrojstva-interneta-veshchej/},
	urldate  = {10.11.2022},
	language = "russian",
	media 	 = {eresource}			
}
