@article{article,
author = {Smith, Ryan and Palin, Daniel and Ioulianou, Philokypros and Vassilakis, Vassilios and Shahandashti, Siamak},
year = {2020},
month = {01},
pages = {1-21},
title = {Battery draining attacks against edge computing nodes in IoT networks},
volume = {6},
journal = {Cyber-Physical Systems},
doi = {10.1080/23335777.2020.1716268}
}