@inproceedings{inproceedings,
author = {Modarresi, Amir and Gangadhar, Siddharth and Sterbenz, James},
year = {2017},
month = {09},
pages = {1-7},
title = {A framework for improving network resilience using SDN and fog nodes},
doi = {10.1109/RNDM.2017.8093036}
}